<?xml version="1.0" encoding="UTF-8"?>
<!DOCTYPE html PUBLIC "-//W3C//DTD XHTML 1.0 Transitional//EN"
    "http://www.w3.org/TR/xhtml1/DTD/xhtml1-transitional.dtd">
<html xmlns="http://www.w3.org/1999/xhtml" xml:lang="en" lang="en">
 <head>
  <title>
</title>
<meta http-equiv="Content-Type" content="text/html;charset=utf-8" />
  <meta name='ocr-system' content='tesseract 3.04.00' />
  <meta name='ocr-capabilities' content='ocr_page ocr_carea ocr_par ocr_line ocrx_word'/>
</head>
<body>
  <div class='ocr_page' id='page_1' title='image "4737161_0071.png"; bbox 0 0 1804 3461; ppageno 0'>
   <div class='ocr_carea' id='block_1_1' title="bbox 705 284 1009 356">
    <p class='ocr_par' dir='ltr' id='par_1_1' title="bbox 705 284 1009 356">
     <span class='ocr_line' id='line_1_1' title="bbox 705 284 1009 356; baseline 0 3105"><span class='ocrx_word' id='word_1_1' title='bbox 705 284 1009 356; x_wconf 95' lang='lat' dir='ltr'> </span> 
     </span>
    </p>
   </div>
   <div class='ocr_carea' id='block_1_2' title="bbox 1488 301 1545 354">
    <p class='ocr_par' dir='ltr' id='par_1_2' title="bbox 1488 301 1545 354">
     <span class='ocr_line' id='line_1_2' title="bbox 1488 301 1545 354; baseline 0.035 -2"><span class='ocrx_word' id='word_1_2' title='bbox 1488 301 1545 354; x_wconf 73' lang='lat'>35</span> 
     </span>
    </p>
   </div>
   <div class='ocr_carea' id='block_1_3' title="bbox 88 407 1568 2715">
    <p class='ocr_par' dir='ltr' id='par_1_3' title="bbox 88 407 1568 2715">
     <span class='ocr_line' id='line_1_3' title="bbox 88 407 1540 494; baseline 0 -21"><span class='ocrx_word' id='word_1_3' title='bbox 88 412 95 421; x_wconf 50' lang='grc'>”</span> <span class='ocrx_word' id='word_1_4' title='bbox 172 414 410 494; x_wconf 90' lang='grc' dir='ltr'>ἄμφω</span> <span class='ocrx_word' id='word_1_5' title='bbox 425 420 508 481; x_wconf 68' lang='lat' dir='ltr'>etc</span> <span class='ocrx_word' id='word_1_6' title='bbox 538 408 604 474; x_wconf 68' lang='lat'>02:</span> <span class='ocrx_word' id='word_1_7' title='bbox 625 407 690 481; x_wconf 63' lang='grc' dir='ltr'>δὶ</span> <span class='ocrx_word' id='word_1_8' title='bbox 699 419 818 480; x_wconf 62' lang='lat' dir='ltr'>redc-</span> <span class='ocrx_word' id='word_1_9' title='bbox 837 410 1069 485; x_wconf 66' lang='grc' dir='ltr'>φυγᾶδαέ</span> <span class='ocrx_word' id='word_1_10' title='bbox 1097 414 1335 488; x_wconf 62' lang='grc' dir='ltr'>κατάγων.</span> <span class='ocrx_word' id='word_1_11' title='bbox 1410 422 1540 473; x_wconf 90' lang='lat' dir='ltr'>Hinc</span> 
     </span>
     <span class='ocr_line' id='line_1_4' title="bbox 175 498 1568 581; baseline 0.003 -31"><span class='ocrx_word' id='word_1_12' title='bbox 175 518 301 572; x_wconf 73' lang='lat' dir='ltr'>ergo</span> <span class='ocrx_word' id='word_1_13' title='bbox 304 498 476 581; x_wconf 58' lang='lat' dir='ltr'>faflum</span> <span class='ocrx_word' id='word_1_14' title='bbox 498 499 587 560; x_wconf 81' lang='lat' dir='ltr'>est,</span> <span class='ocrx_word' id='word_1_15' title='bbox 629 513 683 551; x_wconf 85' lang='lat' dir='ltr'>vt</span> <span class='ocrx_word' id='word_1_16' title='bbox 703 500 973 565; x_wconf 80' lang='lat' dir='ltr'>Apollonius</span> <span class='ocrx_word' id='word_1_17' title='bbox 998 511 1049 552; x_wconf 92' lang='lat' dir='ltr'>et</span> <span class='ocrx_word' id='word_1_18' title='bbox 1068 499 1163 564; x_wconf 86' lang='lat' dir='ltr'>ipse</span> <span class='ocrx_word' id='word_1_19' title='bbox 1200 503 1442 552; x_wconf 86' lang='lat' dir='ltr'>adhiberet</span> <span class='ocrx_word' id='word_1_20' title='bbox 1470 505 1541 553; x_wconf 88' lang='lat' dir='ltr'>lo·</span> <span class='ocrx_word' id='word_1_21' title='bbox 1565 550 1568 553; x_wconf 91' lang='grc'>,</span> 
     </span>
     <span class='ocr_line' id='line_1_5' title="bbox 148 577 1548 652; baseline 0.001 -19.018"><span class='ocrx_word' id='word_1_22' title='bbox 148 581 352 652; x_wconf 74' lang='lat' dir='ltr'>quendi</span> <span class='ocrx_word' id='word_1_23' title='bbox 381 580 572 630; x_wconf 79' lang='lat' dir='ltr'>formam</span> <span class='ocrx_word' id='word_1_24' title='bbox 598 590 746 630; x_wconf 85' lang='lat' dir='ltr'>aetate</span> <span class='ocrx_word' id='word_1_25' title='bbox 769 577 848 627; x_wconf 88' lang='lat' dir='ltr'>sua</span> <span class='ocrx_word' id='word_1_26' title='bbox 879 578 1115 645; x_wconf 75' lang='lat' dir='ltr'>vfitatam,</span> <span class='ocrx_word' id='word_1_27' title='bbox 1159 592 1207 628; x_wconf 90' lang='lat' dir='ltr'>et</span> <span class='ocrx_word' id='word_1_28' title='bbox 1235 593 1442 633; x_wconf 87' lang='lat' dir='ltr'>veterem</span> <span class='ocrx_word' id='word_1_29' title='bbox 1475 583 1548 634; x_wconf 26' lang='lat' dir='ltr'>ad*</span> 
     </span>
     <span class='ocr_line' id='line_1_6' title="bbox 170 659 1539 729; baseline 0.002 -18"><span class='ocrx_word' id='word_1_30' title='bbox 170 678 280 718; x_wconf 71' lang='lat' dir='ltr'>earn</span> <span class='ocrx_word' id='word_1_31' title='bbox 304 663 520 729; x_wconf 74' lang='lat' dir='ltr'>exigeret.</span> <span class='ocrx_word' id='word_1_32' title='bbox 598 661 839 722; x_wconf 67' lang='lat' dir='ltr'>Lucienus</span> <span class='ocrx_word' id='word_1_33' title='bbox 864 671 1021 711; x_wconf 86' lang='lat' dir='ltr'>autem</span> <span class='ocrx_word' id='word_1_34' title='bbox 1042 659 1250 724; x_wconf 67' lang='lat' dir='ltr'>prosefio</span> <span class='ocrx_word' id='word_1_35' title='bbox 1275 678 1369 710; x_wconf 90' lang='lat' dir='ltr'>non</span> <span class='ocrx_word' id='word_1_36' title='bbox 1395 665 1539 714; x_wconf 86' lang='lat' dir='ltr'>debet</span> 
     </span>
     <span class='ocr_line' id='line_1_7' title="bbox 171 737 1538 805; baseline 0.001 -14"><span class='ocrx_word' id='word_1_37' title='bbox 171 738 413 792; x_wconf 77' lang='lat' dir='ltr'>existimari</span> <span class='ocrx_word' id='word_1_38' title='bbox 445 740 637 791; x_wconf 85' lang='lat' dir='ltr'>formam</span> <span class='ocrx_word' id='word_1_39' title='bbox 662 738 794 788; x_wconf 80' lang='lat' dir='ltr'>issam</span> <span class='ocrx_word' id='word_1_40' title='bbox 824 737 1050 789; x_wconf 85' lang='lat' dir='ltr'>soloecam</span> <span class='ocrx_word' id='word_1_41' title='bbox 1090 740 1321 789; x_wconf 85' lang='lat' dir='ltr'>iudicaffe.</span> <span class='ocrx_word' id='word_1_42' title='bbox 1409 743 1538 805; x_wconf 92' lang='lat' dir='ltr'>Non</span> 
     </span>
     <span class='ocr_line' id='line_1_8' title="bbox 172 806 1539 889; baseline -0.001 -16"><span class='ocrx_word' id='word_1_43' title='bbox 172 819 353 889; x_wconf 72' lang='lat' dir='ltr'>dicam,</span> <span class='ocrx_word' id='word_1_44' title='bbox 383 822 524 887; x_wconf 88' lang='lat' dir='ltr'>quod</span> <span class='ocrx_word' id='word_1_45' title='bbox 546 806 642 886; x_wconf 80' lang='lat' dir='ltr'>ipse</span> <span class='ocrx_word' id='word_1_46' title='bbox 663 820 906 885; x_wconf 80' lang='lat' dir='ltr'>aliquoties</span> <span class='ocrx_word' id='word_1_47' title='bbox 931 819 1010 867; x_wconf 84' lang='lat' dir='ltr'>illa</span> <span class='ocrx_word' id='word_1_48' title='bbox 1032 820 1186 879; x_wconf 85' lang='lat' dir='ltr'>vtitur,</span> <span class='ocrx_word' id='word_1_49' title='bbox 1230 821 1278 867; x_wconf 87' lang='lat' dir='ltr'>in</span> <span class='ocrx_word' id='word_1_50' title='bbox 1302 819 1455 881; x_wconf 85' lang='lat' dir='ltr'>Afino,</span> <span class='ocrx_word' id='word_1_51' title='bbox 1486 825 1539 872; x_wconf 88' lang='lat' dir='ltr'>in</span> 
     </span>
     <span class='ocr_line' id='line_1_9' title="bbox 171 886 1538 972; baseline 0 -20"><span class='ocrx_word' id='word_1_52' title='bbox 171 886 418 969; x_wconf 82' lang='lat' dir='ltr'><strong>Timone,</strong></span> <span class='ocrx_word' id='word_1_53' title='bbox 460 903 509 950; x_wconf 92' lang='lat' dir='ltr'>in</span> <span class='ocrx_word' id='word_1_54' title='bbox 528 895 739 971; x_wconf 67' lang='grc' dir='ltr'>Ῥητὸςων</span> <span class='ocrx_word' id='word_1_55' title='bbox 762 887 1062 951; x_wconf 69' lang='grc' dir='ltr'>Διδασκοῖλω.</span> <span class='ocrx_word' id='word_1_56' title='bbox 1139 898 1294 949; x_wconf 75' lang='lat' dir='ltr'>Potest</span> <span class='ocrx_word' id='word_1_57' title='bbox 1315 904 1441 951; x_wconf 91' lang='lat' dir='ltr'>enim</span> <span class='ocrx_word' id='word_1_58' title='bbox 1465 920 1538 972; x_wconf 85' lang='lat' dir='ltr'>re·</span> 
     </span>
     <span class='ocr_line' id='line_1_10' title="bbox 170 976 1538 1047; baseline 0.001 -16"><span class='ocrx_word' id='word_1_59' title='bbox 170 978 412 1047; x_wconf 78' lang='lat' dir='ltr'>sponderi,</span> <span class='ocrx_word' id='word_1_60' title='bbox 453 997 569 1044; x_wconf 90' lang='lat' dir='ltr'>quas</span> <span class='ocrx_word' id='word_1_61' title='bbox 593 980 807 1044; x_wconf 77' lang='lat' dir='ltr'>personas</span> <span class='ocrx_word' id='word_1_62' title='bbox 829 976 1068 1026; x_wconf 81' lang='lat' dir='ltr'>Lucianus</span> <span class='ocrx_word' id='word_1_63' title='bbox 1104 981 1166 1027; x_wconf 88' lang='lat' dir='ltr'>ita</span> <span class='ocrx_word' id='word_1_64' title='bbox 1197 981 1482 1046; x_wconf 86' lang='lat' dir='ltr'>loquentes&#39;</span> <span class='ocrx_word' id='word_1_65' title='bbox 1465 993 1538 1034; x_wconf 78' lang='grc' dir='ltr'>ιιι-</span> 
     </span>
     <span class='ocr_line' id='line_1_11' title="bbox 171 1056 1539 1127; baseline 0.002 -18"><span class='ocrx_word' id='word_1_66' title='bbox 171 1061 339 1118; x_wconf 83' lang='lat' dir='ltr'>ducat,</span> <span class='ocrx_word' id='word_1_67' title='bbox 387 1060 641 1117; x_wconf 88' lang='lat' dir='ltr'>latronem,</span> <span class='ocrx_word' id='word_1_68' title='bbox 701 1056 1026 1122; x_wconf 86' lang='lat' dir='ltr'>philosophum</span> <span class='ocrx_word' id='word_1_69' title='bbox 1056 1071 1327 1127; x_wconf 83' lang='lat' dir='ltr'>nugatorem</span> <span class='ocrx_word' id='word_1_70' title='bbox 1363 1076 1409 1111; x_wconf 89' lang='lat' dir='ltr'>et</span> <span class='ocrx_word' id='word_1_71' title='bbox 1441 1064 1539 1116; x_wconf 87' lang='lat' dir='ltr'>sce-</span> 
     </span>
     <span class='ocr_line' id='line_1_12' title="bbox 170 1127 1538 1205; baseline 0.004 -17"><span class='ocrx_word' id='word_1_72' title='bbox 170 1127 365 1202; x_wconf 67' lang='lat' dir='ltr'>leiim,</span> <span class='ocrx_word' id='word_1_73' title='bbox 403 1138 630 1197; x_wconf 82' lang='lat' dir='ltr'>rhetorem</span> <span class='ocrx_word' id='word_1_74' title='bbox 660 1153 867 1202; x_wconf 87' lang='lat' dir='ltr'>nequam</span> <span class='ocrx_word' id='word_1_75' title='bbox 900 1149 946 1184; x_wconf 87' lang='lat' dir='ltr'>et</span> <span class='ocrx_word' id='word_1_76' title='bbox 969 1135 1178 1196; x_wconf 81' lang='lat' dir='ltr'>fatuum,</span> <span class='ocrx_word' id='word_1_77' title='bbox 1219 1155 1299 1187; x_wconf 88' lang='lat' dir='ltr'>eas</span> <span class='ocrx_word' id='word_1_78' title='bbox 1321 1141 1538 1205; x_wconf 77' lang='lat' dir='ltr'>personas</span> 
     </span>
     <span class='ocr_line' id='line_1_13' title="bbox 173 1215 1538 1286; baseline 0.004 -19"><span class='ocrx_word' id='word_1_79' title='bbox 173 1221 239 1277; x_wconf 81' lang='lat' dir='ltr'>ita</span> <span class='ocrx_word' id='word_1_80' title='bbox 260 1219 391 1285; x_wconf 86' lang='lat' dir='ltr'>loqui</span> <span class='ocrx_word' id='word_1_81' title='bbox 413 1218 617 1280; x_wconf 82' lang='lat' dir='ltr'>decere</span> <span class='ocrx_word' id='word_1_82' title='bbox 659 1215 951 1286; x_wconf 70' lang='lat' dir='ltr'>Quanquam</span> <span class='ocrx_word' id='word_1_83' title='bbox 974 1219 1197 1282; x_wconf 83' lang='lat' dir='ltr'>equidem</span> <span class='ocrx_word' id='word_1_84' title='bbox 1216 1233 1416 1269; x_wconf 88' lang='lat' dir='ltr'>ceteram</span> <span class='ocrx_word' id='word_1_85' title='bbox 1440 1240 1538 1273; x_wconf 87' lang='lat' dir='ltr'>ora-</span> 
     </span>
     <span class='ocr_line' id='line_1_14' title="bbox 161 1294 1539 1366; baseline 0.003 -17"><span class='ocrx_word' id='word_1_86' title='bbox 161 1300 350 1366; x_wconf 54' lang='lat' dir='ltr'>tionem</span> <span class='ocrx_word' id='word_1_87' title='bbox 382 1298 546 1348; x_wconf 83' lang='lat' dir='ltr'>harum</span> <span class='ocrx_word' id='word_1_88' title='bbox 576 1296 773 1363; x_wconf 88' lang='lat' dir='ltr'>ipsarum</span> <span class='ocrx_word' id='word_1_89' title='bbox 803 1294 1097 1361; x_wconf 85' lang='lat' dir='ltr'>personarum</span> <span class='ocrx_word' id='word_1_90' title='bbox 1122 1300 1212 1349; x_wconf 84' lang='lat' dir='ltr'>effe</span> <span class='ocrx_word' id='word_1_91' title='bbox 1238 1301 1359 1350; x_wconf 87' lang='lat' dir='ltr'>bene</span> <span class='ocrx_word' id='word_1_92' title='bbox 1387 1300 1539 1354; x_wconf 89' lang='lat' dir='ltr'>Grae-</span> 
     </span>
     <span class='ocr_line' id='line_1_15' title="bbox 175 1377 1539 1447; baseline 0.003 -18"><span class='ocrx_word' id='word_1_93' title='bbox 175 1396 281 1429; x_wconf 87' lang='lat' dir='ltr'>cam</span> <span class='ocrx_word' id='word_1_94' title='bbox 314 1380 534 1447; x_wconf 79' lang='lat' dir='ltr'>intelligo.</span> <span class='ocrx_word' id='word_1_95' title='bbox 619 1377 713 1426; x_wconf 88' lang='lat' dir='ltr'>Sed</span> <span class='ocrx_word' id='word_1_96' title='bbox 745 1390 865 1426; x_wconf 80' lang='lat' dir='ltr'>certe</span> <span class='ocrx_word' id='word_1_97' title='bbox 898 1395 996 1426; x_wconf 90' lang='lat' dir='ltr'>non</span> <span class='ocrx_word' id='word_1_98' title='bbox 1030 1380 1197 1444; x_wconf 88' lang='lat' dir='ltr'>potuit</span> <span class='ocrx_word' id='word_1_99' title='bbox 1212 1397 1316 1429; x_wconf 80' lang='lat' dir='ltr'>earn</span> <span class='ocrx_word' id='word_1_100' title='bbox 1345 1381 1539 1433; x_wconf 85' lang='lat' dir='ltr'>formam</span> 
     </span>
     <span class='ocr_line' id='line_1_16' title="bbox 173 1457 1539 1529; baseline 0.002 -18"><span class='ocrx_word' id='word_1_101' title='bbox 173 1472 233 1511; x_wconf 77' lang='lat' dir='ltr'>vt—</span> <span class='ocrx_word' id='word_1_102' title='bbox 249 1460 473 1529; x_wconf 84' lang='lat' dir='ltr'>soloecam</span> <span class='ocrx_word' id='word_1_103' title='bbox 499 1459 735 1515; x_wconf 73' lang='lat' dir='ltr'>damnare,</span> <span class='ocrx_word' id='word_1_104' title='bbox 770 1474 911 1523; x_wconf 87' lang='lat' dir='ltr'>quam</span> <span class='ocrx_word' id='word_1_105' title='bbox 934 1474 961 1505; x_wconf 93' lang='lat' dir='ltr'>a</span> <span class='ocrx_word' id='word_1_106' title='bbox 979 1457 1265 1524; x_wconf 83' lang='lat' dir='ltr'>scriptoribus</span> <span class='ocrx_word' id='word_1_107' title='bbox 1287 1462 1415 1512; x_wconf 90' lang='lat' dir='ltr'>haud</span> <span class='ocrx_word' id='word_1_108' title='bbox 1438 1482 1539 1514; x_wconf 86' lang='lat' dir='ltr'>ma-</span> 
     </span>
     <span class='ocr_line' id='line_1_17' title="bbox 140 1530 1536 1608; baseline 0.004 -18"><span class='ocrx_word' id='word_1_109' title='bbox 140 1530 148 1532; x_wconf 21' lang='lat'><em>*</em></span> <span class='ocrx_word' id='word_1_110' title='bbox 174 1541 233 1591; x_wconf 75' lang='lat' dir='ltr'>lis</span> <span class='ocrx_word' id='word_1_111' title='bbox 271 1542 567 1604; x_wconf 81' lang='lat' dir='ltr'>iampertot</span> <span class='ocrx_word' id='word_1_112' title='bbox 585 1538 764 1588; x_wconf 83' lang='lat' dir='ltr'>saecula</span> <span class='ocrx_word' id='word_1_113' title='bbox 781 1539 1040 1602; x_wconf 84' lang='lat' dir='ltr'>vsurpatam</span> <span class='ocrx_word' id='word_1_114' title='bbox 1064 1540 1153 1590; x_wconf 81' lang='lat' dir='ltr'>effe</span> <span class='ocrx_word' id='word_1_115' title='bbox 1177 1558 1272 1589; x_wconf 91' lang='lat' dir='ltr'>non</span> <span class='ocrx_word' id='word_1_116' title='bbox 1293 1543 1536 1608; x_wconf 83' lang='lat' dir='ltr'>ignoraret.</span> 
     </span>
     <span class='ocr_line' id='line_1_18' title="bbox 174 1616 1535 1685; baseline 0.003 -16"><span class='ocrx_word' id='word_1_117' title='bbox 174 1621 236 1671; x_wconf 77' lang='lat' dir='ltr'>At</span> <span class='ocrx_word' id='word_1_118' title='bbox 252 1617 486 1685; x_wconf 85' lang='lat' dir='ltr'>proposuit</span> <span class='ocrx_word' id='word_1_119' title='bbox 506 1635 609 1667; x_wconf 87' lang='lat' dir='ltr'>eam</span> <span class='ocrx_word' id='word_1_120' title='bbox 630 1616 821 1666; x_wconf 87' lang='lat' dir='ltr'>formam</span> <span class='ocrx_word' id='word_1_121' title='bbox 840 1619 962 1681; x_wconf 80' lang='lat' dir='ltr'>inter</span> <span class='ocrx_word' id='word_1_122' title='bbox 982 1629 1129 1667; x_wconf 84' lang='lat' dir='ltr'>cetera</span> <span class='ocrx_word' id='word_1_123' title='bbox 1157 1624 1372 1685; x_wconf 87' lang='lat' dir='ltr'>exempla</span> <span class='ocrx_word' id='word_1_124' title='bbox 1392 1623 1535 1678; x_wconf 88' lang='lat' dir='ltr'>soloe-</span> 
     </span>
     <span class='ocr_line' id='line_1_19' title="bbox 176 1696 1537 1766; baseline 0.003 -18"><span class='ocrx_word' id='word_1_125' title='bbox 176 1700 393 1749; x_wconf 81' lang='lat' dir='ltr'>ciffantia.</span> <span class='ocrx_word' id='word_1_126' title='bbox 473 1697 660 1762; x_wconf 86' lang='lat' dir='ltr'>Nempe</span> <span class='ocrx_word' id='word_1_127' title='bbox 691 1696 1018 1756; x_wconf 68' lang='lat' dir='ltr'>Soloecismum</span> <span class='ocrx_word' id='word_1_128' title='bbox 1053 1713 1275 1757; x_wconf 65' lang='lat' dir='ltr'>vocarunt</span> <span class='ocrx_word' id='word_1_129' title='bbox 1297 1700 1537 1766; x_wconf 83' lang='lat' dir='ltr'>Sophiflae</span> 
     </span>
     <span class='ocr_line' id='line_1_20' title="bbox 107 1778 1537 1849; baseline 0.001 -18"><span class='ocrx_word' id='word_1_130' title='bbox 107 1829 110 1832; x_wconf 83' lang='lat'>.</span> <span class='ocrx_word' id='word_1_131' title='bbox 174 1780 311 1844; x_wconf 70' lang='lat' dir='ltr'>illius·</span> <span class='ocrx_word' id='word_1_132' title='bbox 332 1779 578 1842; x_wconf 88' lang='lat' dir='ltr'>temporis,</span> <span class='ocrx_word' id='word_1_133' title='bbox 622 1778 852 1843; x_wconf 81' lang='lat' dir='ltr'>quidquid</span> <span class='ocrx_word' id='word_1_134' title='bbox 890 1794 984 1825; x_wconf 90' lang='lat' dir='ltr'>non</span> <span class='ocrx_word' id='word_1_135' title='bbox 1014 1779 1123 1828; x_wconf 82' lang='lat' dir='ltr'>effer</span> <span class='ocrx_word' id='word_1_136' title='bbox 1144 1783 1311 1829; x_wconf 84' lang='lat' dir='ltr'>veteris</span> <span class='ocrx_word' id='word_1_137' title='bbox 1347 1785 1537 1849; x_wconf 86' lang='lat' dir='ltr'>elegan-</span> 
     </span>
     <span class='ocr_line' id='line_1_21' title="bbox 176 1849 1539 1925; baseline 0.003 -17"><span class='ocrx_word' id='word_1_138' title='bbox 176 1849 269 1909; x_wconf 82' lang='lat' dir='ltr'>tiae</span> <span class='ocrx_word' id='word_1_139' title='bbox 293 1858 466 1907; x_wconf 79' lang='lat' dir='ltr'>Atticae</span> <span class='ocrx_word' id='word_1_140' title='bbox 484 1853 562 1921; x_wconf 83' lang='lat'>⁸⁷).</span> <span class='ocrx_word' id='word_1_141' title='bbox 624 1855 881 1921; x_wconf 84' lang='lat' dir='ltr'>Phrynichi</span> <span class='ocrx_word' id='word_1_142' title='bbox 899 1857 1135 1920; x_wconf 78' lang='lat' dir='ltr'>exemplo,</span> <span class='ocrx_word' id='word_1_143' title='bbox 1167 1873 1285 1923; x_wconf 88' lang='lat' dir='ltr'>quos</span> <span class='ocrx_word' id='word_1_144' title='bbox 1305 1864 1539 1925; x_wconf 81' lang='lat' dir='ltr'>probarint</span> 
     </span>
     <span class='ocr_line' id='line_1_22' title="bbox 175 1935 1538 2007; baseline 0.004 -19"><span class='ocrx_word' id='word_1_145' title='bbox 175 1938 384 1991; x_wconf 63' lang='lat' dir='ltr'>anantes</span> <span class='ocrx_word' id='word_1_146' title='bbox 399 1974 415 1996; x_wconf 95' lang='lat'>,</span> <span class='ocrx_word' id='word_1_147' title='bbox 454 1938 615 1987; x_wconf 83' lang='lat' dir='ltr'>videre</span> <span class='ocrx_word' id='word_1_148' title='bbox 637 1937 761 1985; x_wconf 85' lang='lat' dir='ltr'>licet.</span> <span class='ocrx_word' id='word_1_149' title='bbox 813 1935 943 1986; x_wconf 90' lang='lat' dir='ltr'>Eum</span> <span class='ocrx_word' id='word_1_150' title='bbox 965 1935 1161 1987; x_wconf 88' lang='lat' dir='ltr'>Photius</span> <span class='ocrx_word' id='word_1_151' title='bbox 1185 1953 1334 1990; x_wconf 91' lang='lat' dir='ltr'>narrat</span> <span class='ocrx_word' id='word_1_152' title='bbox 1353 1944 1538 2007; x_wconf 86' lang='lat' dir='ltr'>probas-</span> 
     </span>
     <span class='ocr_line' id='line_1_23' title="bbox 174 2016 1536 2087; baseline 0.002 -17"><span class='ocrx_word' id='word_1_153' title='bbox 174 2016 223 2070; x_wconf 85' lang='lat' dir='ltr'>se</span> <span class='ocrx_word' id='word_1_154' title='bbox 256 2020 342 2068; x_wconf 86' lang='lat' dir='ltr'>hos</span> <span class='ocrx_word' id='word_1_155' title='bbox 376 2028 585 2079; x_wconf 82' lang='lat' dir='ltr'>tantum,</span> <span class='ocrx_word' id='word_1_156' title='bbox 637 2018 785 2082; x_wconf 89' lang='lat' dir='ltr'>primo</span> <span class='ocrx_word' id='word_1_157' title='bbox 824 2017 1017 2083; x_wconf 89' lang='lat' dir='ltr'>quidem</span> <span class='ocrx_word' id='word_1_158' title='bbox 1051 2018 1184 2077; x_wconf 88' lang='lat' dir='ltr'>loco,</span> <span class='ocrx_word' id='word_1_159' title='bbox 1234 2021 1536 2087; x_wconf 85' lang='lat' dir='ltr'>Aeschylum,</span> 
     </span>
     <span class='ocr_line' id='line_1_24' title="bbox 178 2096 1536 2164; baseline 0.002 -15"><span class='ocrx_word' id='word_1_160' title='bbox 178 2097 489 2164; x_wconf 77' lang='lat' dir='ltr'>Sophoclem,</span> <span class='ocrx_word' id='word_1_161' title='bbox 524 2097 831 2161; x_wconf 82' lang='lat' dir='ltr'>Euripidem3</span> <span class='ocrx_word' id='word_1_162' title='bbox 869 2096 1070 2145; x_wconf 88' lang='lat' dir='ltr'>secundo</span> <span class='ocrx_word' id='word_1_163' title='bbox 1098 2099 1232 2156; x_wconf 88' lang='lat' dir='ltr'>loco,</span> <span class='ocrx_word' id='word_1_164' title='bbox 1272 2100 1536 2162; x_wconf 86' lang='lat' dir='ltr'>Platonem,</span> 
     </span>
     <span class='ocr_line' id='line_1_25' title="bbox 175 2175 1539 2248; baseline 0.001 -19"><span class='ocrx_word' id='word_1_165' title='bbox 175 2175 569 2234; x_wconf 76' lang='lat' dir='ltr'>Demosthenem,</span> <span class='ocrx_word' id='word_1_166' title='bbox 613 2188 659 2248; x_wconf 78' lang='lat' dir='ltr'>et</span> <span class='ocrx_word' id='word_1_167' title='bbox 675 2176 948 2226; x_wconf 75' lang='lat' dir='ltr'>Aeschinem</span> <span class='ocrx_word' id='word_1_168' title='bbox 971 2176 1200 2242; x_wconf 80' lang='lat' dir='ltr'>Lysaniae</span> <span class='ocrx_word' id='word_1_169' title='bbox 1240 2180 1411 2242; x_wconf 81' lang='lat' dir='ltr'>filium3</span> <span class='ocrx_word' id='word_1_170' title='bbox 1450 2198 1539 2233; x_wconf 89' lang='lat' dir='ltr'>ter·</span> 
     </span>
     <span class='ocr_line' id='line_1_26' title="bbox 177 2254 1538 2329; baseline 0.002 -20"><span class='ocrx_word' id='word_1_171' title='bbox 177 2262 243 2309; x_wconf 78' lang='lat' dir='ltr'>tio</span> <span class='ocrx_word' id='word_1_172' title='bbox 286 2259 490 2323; x_wconf 89' lang='lat' dir='ltr'>denique</span> <span class='ocrx_word' id='word_1_173' title='bbox 537 2258 669 2314; x_wconf 91' lang='lat' dir='ltr'>loco,</span> <span class='ocrx_word' id='word_1_174' title='bbox 728 2254 1116 2321; x_wconf 72' lang='lat' dir='ltr'>Aristophanem,</span> <span class='ocrx_word' id='word_1_175' title='bbox 1175 2258 1538 2329; x_wconf 80' lang='lat' dir='ltr'>Thucydidem,</span> 
     </span>
     <span class='ocr_line' id='line_1_27' title="bbox 176 2336 1542 2402; baseline 0.002 -13"><span class='ocrx_word' id='word_1_176' title='bbox 176 2340 572 2402; x_wconf 79' lang='lat' dir='ltr'>Xenophontem,</span> <span class='ocrx_word' id='word_1_177' title='bbox 624 2336 828 2401; x_wconf 89' lang='lat' dir='ltr'>reliquos</span> <span class='ocrx_word' id='word_1_178' title='bbox 861 2336 1033 2384; x_wconf 85' lang='lat' dir='ltr'>nouem</span> <span class='ocrx_word' id='word_1_179' title='bbox 1063 2351 1290 2397; x_wconf 73' lang='lat' dir='ltr'>oratores,</span> <span class='ocrx_word' id='word_1_180' title='bbox 1341 2341 1542 2392; x_wconf 86' lang='lat' dir='ltr'>Critiam</span> 
     </span>
     <span class='ocr_line' id='line_1_28' title="bbox 181 2413 1543 2487; baseline 0.001 -19"><span class='ocrx_word' id='word_1_181' title='bbox 181 2417 446 2485; x_wconf 72' lang='lat' dir='ltr'>Calaeschri</span> <span class='ocrx_word' id='word_1_182' title='bbox 469 2416 644 2473; x_wconf 86' lang='lat' dir='ltr'>filium,</span> <span class='ocrx_word' id='word_1_183' title='bbox 688 2427 734 2464; x_wconf 89' lang='lat' dir='ltr'>et</span> <span class='ocrx_word' id='word_1_184' title='bbox 755 2413 1087 2465; x_wconf 85' lang='lat' dir='ltr'>Antisthenem.</span> <span class='ocrx_word' id='word_1_185' title='bbox 1166 2418 1271 2467; x_wconf 90' lang='lat' dir='ltr'>Hos</span> <span class='ocrx_word' id='word_1_186' title='bbox 1296 2421 1434 2487; x_wconf 83' lang='lat' dir='ltr'>igitur</span> <span class='ocrx_word' id='word_1_187' title='bbox 1455 2422 1543 2474; x_wconf 87' lang='lat' dir='ltr'>So-</span> 
     </span>
     <span class='ocr_line' id='line_1_29' title="bbox 176 2496 1544 2566; baseline 0.002 -18"><span class='ocrx_word' id='word_1_188' title='bbox 176 2496 354 2566; x_wconf 77' lang='lat' dir='ltr'>phiflae</span> <span class='ocrx_word' id='word_1_189' title='bbox 386 2498 450 2545; x_wconf 83' lang='lat' dir='ltr'>ita</span> <span class='ocrx_word' id='word_1_190' title='bbox 480 2496 765 2560; x_wconf 87' lang='lat' dir='ltr'>probabant,</span> <span class='ocrx_word' id='word_1_191' title='bbox 807 2508 858 2544; x_wconf 89' lang='lat' dir='ltr'>vt</span> <span class='ocrx_word' id='word_1_192' title='bbox 890 2512 1011 2561; x_wconf 85' lang='lat' dir='ltr'>quae</span> <span class='ocrx_word' id='word_1_193' title='bbox 1047 2497 1113 2544; x_wconf 78' lang='lat' dir='ltr'>illi</span> <span class='ocrx_word' id='word_1_194' title='bbox 1143 2515 1239 2546; x_wconf 89' lang='lat' dir='ltr'>non</span> <span class='ocrx_word' id='word_1_195' title='bbox 1262 2499 1544 2566; x_wconf 77' lang='lat' dir='ltr'>vsurpass‘ent</span> 
     </span>
     <span class='ocr_line' id='line_1_30' title="bbox 175 2576 1542 2646; baseline -0.006 -15"><span class='ocrx_word' id='word_1_196' title='bbox 175 2578 407 2632; x_wconf 80' lang='lat' dir='ltr'>vocabula</span> <span class='ocrx_word' id='word_1_197' title='bbox 428 2589 474 2627; x_wconf 89' lang='lat' dir='ltr'>et</span> <span class='ocrx_word' id='word_1_198' title='bbox 503 2576 729 2644; x_wconf 87' lang='lat' dir='ltr'>loquendi</span> <span class='ocrx_word' id='word_1_199' title='bbox 753 2591 951 2644; x_wconf 84' lang='lat' dir='ltr'>genera,</span> <span class='ocrx_word' id='word_1_200' title='bbox 988 2576 1115 2628; x_wconf 53' lang='lat' dir='ltr'>haec*</span> <span class='ocrx_word' id='word_1_201' title='bbox 1131 2589 1355 2646; x_wconf 85' lang='lat' dir='ltr'>tanquam</span> <span class='ocrx_word' id='word_1_202' title='bbox 1378 2583 1542 2634; x_wconf 68' lang='lat' dir='ltr'>barba.</span> 
     </span>
     <span class='ocr_line' id='line_1_31' title="bbox 846 2654 1540 2715; baseline 0.013 -10"><span class='ocrx_word' id='word_1_203' title='bbox 846 2654 890 2705; x_wconf 91' lang='lat' dir='ltr'>C</span> <span class='ocrx_word' id='word_1_204' title='bbox 935 2673 975 2706; x_wconf 55' lang='lat'>2⁷</span> <span class='ocrx_word' id='word_1_205' title='bbox 1488 2681 1540 2715; x_wconf 80' lang='lat' dir='ltr'>ra</span> 
     </span>
    </p>
   </div>
   <div class='ocr_carea' id='block_1_4' title="bbox 238 2813 1523 2901">
    <p class='ocr_par' dir='ltr' id='par_1_4' title="bbox 238 2813 1523 2901">
     <span class='ocr_line' id='line_1_32' title="bbox 238 2813 1523 2901; baseline -0.001 -28"><span class='ocrx_word' id='word_1_206' title='bbox 238 2813 452 2883; x_wconf 63' lang='lat' dir='ltr'>meent.</span> <span class='ocrx_word' id='word_1_207' title='bbox 466 2822 648 2901; x_wconf 66' lang='grc' dir='ltr'>ιιςιιοιιι</span> <span class='ocrx_word' id='word_1_208' title='bbox 663 2821 792 2880; x_wconf 61' lang='grc' dir='ltr'>ιιοιι.</span> <span class='ocrx_word' id='word_1_209' title='bbox 809 2824 862 2871; x_wconf 63' lang='grc' dir='ltr'>ιιι</span> <span class='ocrx_word' id='word_1_210' title='bbox 881 2822 1058 2874; x_wconf 59' lang='lat' dir='ltr'>ucetia.</span> <span class='ocrx_word' id='word_1_211' title='bbox 1086 2828 1315 2888; x_wconf 40' lang='lat' dir='ltr'>pfxxxrx</span> <span class='ocrx_word' id='word_1_212' title='bbox 1332 2825 1416 2892; x_wconf 74' lang='lat' dir='ltr'>sqq.</span> <span class='ocrx_word' id='word_1_213' title='bbox 1450 2828 1523 2880; x_wconf 64' lang='lat' dir='ltr'>y,</span> 
     </span>
    </p>
   </div>
  </div>
 </body>
</html>
