1804 3461
702 221 1001 264 mmm-
808 210 834 265 s
869 228 873 230 ’
909 227 918 235 ·’
994 239 997 241 “
1448 220 1534 277 '119

163 345 201 395 ri
224 340 389 407 coepta
408 339 476 411 est
501 342 662 391 vitiosa
683 341 854 391 diuifio.
906 354 909 357 '
933 343 1104 391 Mirum
1131 343 1194 393 est
1219 355 1390 403 autem,
1425 362 1532 394 eam

160 427 225 475 ita
248 423 515 481 inualuifl'e‚
549 437 602 478 vt
628 423 902 486 iampridem
925 440 1065 472 nemo
1086 424 1162 482 fit,
1200 428 1281 490 qui
1303 428 1429 475 aliter
1450 422 1555 475 ob?

162 503 324 552 seruet.
405 503 505 552 Nos
533 504 670 568 culpa
693 504 783 552 oris
809 520 903 550 non
930 501 1103 551 Graeci
1138 516 1202 552 tot
1235 506 1322 553 alia
1340 519 1531 571 peccata

163 585 213 631 in
239 585 609 647 pronuntiatione
641 582 991 633 Graecavitare
1017 601 1111 631 non
1143 586 1402 648 poffumus:
1436 604 1531 635 non

162 664 483 723 debebamus,
520 665 649 730 quod
675 666 821 716 vitare
843 675 1109 728 poteramus
1124 701 1141 722 ,
1177 666 1316 713 etiam
1337 666 1386 714 id
1407 683 1528 714 com-

163 744 357 792 mittere.
404 756 406 762 ·

269 852 469 918 Breuius
496 857 647 906 dicere
670 857 828 914 licuit,
864 854 914 905 Si
936 857 1115 908 vocalis
1139 871 1271 908 acuta
1306 862 1353 908 in
1382 877 1526 925 quam

161 936 298 986 diffie
335 938 454 995 exit,
513 955 597 1003 per
645 935 967 1002 apostrophum
1003 938 1225 987 abiicitur.
1328 940 1394 988 Et
1432 951 1527 990 erat

152 1009 286 1076 videm
312 1019 512 1082 plenius,
593 1018 771 1067 Vltima
794 1016 919 1064 enim
947 1033 1068 1081 quae
1098 1019 1304 1067 abiicitur
1327 1021 1521 1079 vocalis,

157 1098 387 1146 interdum
410 1097 502 1145 sola
524 1096 632 1146 facit
653 1097 892 1164 syllabam.
975 1098 1042 1145 Vt
1070 1099 1117 1144 in
1150 1090 1363 1151 παλαιά,
1440 1100 1523 1148 So-

152 1171 348 1244 phocles
374 1178 487 1227 Oed.
521 1180 634 1244 Tyr.
661 1188 774 1239 298.
803 1175 944 1242 κωφοό
967 1175 1049 1229 καὶ
1069 1174 1254 1229 παλαί’
1273 1174 1383 1238 ἔπη.
1421 1180 1523 1228 Vbi

156 1260 462 1325 neglexerunt
493 1258 687 1306 editores
725 1273 969 1321 accentum
1004 1257 1212 1307 abiectae
1242 1260 1522 1308 vocalis-re-

152 1338 348 1387 traRum
370 1338 590 1386 collocare
617 1340 664 1386 in
689 1337 864 1402 syllaba
889 1353 1013 1401 quae
1036 1338 1359 1386 antecedebat.
1424 1338 1521 1387 Sed

154 1432 202 1467 et
233 1421 372 1466 rarius
409 1419 496 1465 hoc
521 1419 601 1475 fit,
647 1435 735 1465 nec
769 1419 914 1465 habet
945 1417 1280 1465 difficultatem,
1356 1417 1522 1483 Itaque

154 1499 299 1547 malui
322 1515 410 1565 ego
434 1515 531 1546 rem
557 1499 619 1546 ita
641 1497 830 1545 definire
845 1533 859 1554 ,
893 1497 1294 1560 quemadmodum
1316 1496 1405 1546 feci
1420 1535 1434 1555 ‚
1469 1509 1521 1549 vt

151 1580 272 1627 clare
308 1578 661 1644 intelligeretur,
713 1590 757 1645 ct
785 1577 1032 1625 neceffario
1056 1590 1300 1625 accentum
1330 1564 1513 1636 retrahi,

151 1671 199 1708 et
216 1658 418 1725 syllabae
446 1657 742 1707 consonantes
768 1654 1090 1721 apostrophum
1112 1659 1269 1723 paffae
1293 1658 1353 1707 ad
1376 1675 1514 1709 voca-

148 1740 245 1790 lem
276 1738 509 1804 sequentis
542 1739 755 1801 difflonis
789 1738 1035 1801 pertinere.

263 1862 400 1911 Hanc
433 1873 592 1910 autem
623 1873 846 1909 accentus
876 1861 1197 1910 retraffionem
1229 1862 1434 1926 praepos
1440 1874 1521 1910 t1o-

149 1959 268 2000 nes,
304 1955 350 1991 et
371 1941 630 1990 coniunffio
654 1940 825 1998 ἀλλοί,
858 1957 953 1988 non
976 1941 1234 1989 admittunt.
1270 1936 1410 1996 ἁλλ’
1429 1938 1519 1994 ἰ’θι.

145 2016 254 2079 ἐντ’
286 2017 601 2119 ὅφθοιλμοῒιν.
630 2022 691 2073 ἐπ
693 2013 909 2093 ἐἰρήνης
954 2040 1049 2073 κοιτ-
1090 2017 1247 2073 αἶσαν
1283 2015 1521 2098 710⁶(de-

148 2093 325 2164 >mmer-
365 2105 449 2166 ὑφ’
464 2090 699 2173 Εκτοςος.
758 2100 1112 2151 Οοηὶιιηᾶἰοῑιὶε
1137 2103 1348 2165 exceptio
1375 2118 1517 2164 quam

149 2184 349 2251 cauffam
368 2183 567 2238 habeat,
605 2177 895 2228 manifestum
918 2178 998 2228 est
1093 2179 1144 2229 Si
1165 2182 1290 2228 enim
1315 2196 1515 2228 recurre-

149 2276 220 2312 ret
246 2273 496 2318 accentus„
537 2261 646 2309 effet
669 2259 935 2310 coniunfflo
954 2260 1132 2310 nomini
1168 2255 1312 2312 ἄλλοι
1343 2259 1516 2309 fimilis.

148 2342 516 2407 Praepofitiones
543 2357 622 2388 cur
643 2341 955 2404 excipiantur,
1004 2356 1062 2388 ea
1083 2340 1230 2388 caussa
1256 2337 1318 2387 est
1334 2377 1347 2397 ,
1388 2340 1521 2407 quod

147 2425 197 2471 in
216 2424 305 2471 illis
332 2433 550 2470 accentus
572 2420 762 2468 recurfio
783 2421 924 2468 alium
942 2419 1078 2470 vsum
1103 2417 1297 2484 praestat
1312 2456 1331 2477 2
1374 2438 1521 2486 quem

149 2487 265 2552 infra
296 2500 641 2568 cognoscemus,
746 2500 1031 2550 Theodorus
1067 2499 1211 2550 Gaza
1241 2518 1336 2548 non
1373 2516 1517 2566 quae-

148 2583 280 2640 finit,
318 2599 397 2630 cur
424 2579 692 2631 *coniunfflo
728 2568 903 2637 ἄλλοί,
943 2592 989 2630 et
1011 2580 1367 2648 praepositiones
1403 2580 1522 2628 exci-

146 2659 392 2727 perentur:
428 2661 504 2709 sed
531 2677 591 2709 ex
617 2659 828 2725 eoquod
849 2674 1093 2710 accentum
1116 2661 1222 2709 elisa
1240 2661 1393 2710 vocali
1427 2676 1525 2708 non

149 2744 421 2803 retrahunt,
469 2741 658 2811 collegit
691 2758 791 2794 rem
821 2737 1008 2803 falsam,
1063 2742 1167 2793 illas
1198 2757 1281 2808 pro
1303 2741 1520 2805 grauibus

817 2819 871 2870 H
907 2838 938 2884 4
1241 2820 1523 2871 diffionibus
