1804 3461
651 214 943 242 -wvww-
1207 262 1213 266 ,
1416 199 1560 258 Τι’

115 330 448 382 sedebat.1n
483 330 554 377 his
589 340 636 376 et
661 327 878 375 similibus
904 328 1015 377 locis
1042 330 1254 378 articulus
1286 331 1477 379 adhibe·

117 427 189 462 tur
222 412 327 460 vice
365 410 669 476 pronominis
682 385 1030 458 demonstratiui.
1085 405 1337 459 Pindarus
1376 415 1479 477 qui-

119 495 228 542 dem
268 493 342 540 Ol.
372 509 416 546 2
452 509 564 551 140.
602 480 741 542 Πόσις
770 491 795 539 o‘
813 503 1009 554 ’παντων
1034 476 1161 541 Pf'ocs·
1188 490 1481 562 Ὕπέςτατον

119 570 313 638 ἐχοίσας·
332 564 504 643 θςᾶνον.
599 570 665 619 Et
696 580 743 627 8,
785 583 855 629 41
897 590 1015 623 παις
1049 573 1070 621 ὅ
1102 573 1297 625 Λατοῦς.
1380 575 1479 624 Vbi

119 652 331 722 articulus
374 665 419 700 et
450 649 718 716 postpofitus
745 651 927 698 nomini
956 648 1044 709 est,
1086 668 1173 699 nec
1197 656 1478 715 pronominis

118 735 262 798 habet
289 732 679 798 fignificationem.
775 729 871 779 Sed
899 748 993 778 non
1026 733 1088 788 ita
1117 729 1393 800 postpofitus
1421 734 1483 783 est

120 815 364 871 articulus,
405 825 459 862 vt
496 812 609 859 nihil
643 811 770 875 quod
806 804 866 858 ad
901 823 1008 858 eum
1029 813 1280 875 pertineat,
1317 814 1481 875 sequa-

118 906 202 941 tur.
282 892 408 940 Nam
432 889 698 943 construfflo
722 886 838 938 haec
865 884 956 947 est,
1006 893 1028 941 ὃ
1062 909 1163 950 της
1175 891 1302 945 Ῥέας
1332 887 1486 953 πίοις,

120 957 159 1023 ci
169 973 253 1032 τῆς
273 968 452 1030 Λητοῦς
474 977 605 1023 παῖς
647 970 863 1017 Mutato
898 961 1035 1058 igitur
1066 971 1114 1016 in
1146 972 1267 1019 hunc
1290 976 1485 1024 modum

119 1030 277 1101 ordine
293 1088 307 1109 ‚
349 1045 487 1107 vto'mc
510 1052 533 1099 ὅ
552 1069 637 1108 της
657 1047 806 1105 Ῥέας-’ς
843 1054 960 1101 ’παῖς
978 1070 1000 1100 ο
1018 1043 1104 1108 ,τῆς
1122 1049 1324 1109 Λητοῦς,
1365 1053 1489 1116 Ρειᾶιι

123 1132 194 1182 est
216 1150 312 1180 non
347 1131 554 1180 omnium
588 1130 928 1195 vocabulorum
955 1129 1185 1186 traieffio,
1237 1130 1314 1180 sed
1346 1135 1493 1187 Vnius,

120 1202 315 1263 tantum.
398 1211 563 1281 Quid,
606 1211 733 1284 quod
753 1227 811 1259 ne
839 1208 1113 1260 traieffionis
1149 1213 1342 1276 quidem
1367 1215 1486 1282 figu-

122 1313 171 1344 ra
203 1295 354 1358 potius
398 1308 541 1357 quarn
585 1291 814 1358 emplius,
867 1292 1051 1341 videtur
1074 1288 1331 1345 statuenda
1359 1297 1446 1344 effe
1464 1301 1498 1345 ,2,

121 1377 246 1424 Nam
274 1375 445 1437 optime
469 1371 652 1421 Graece
678 1373 868 1428 dicitur,
912 1374 936 1422 ὅ
956 1391 1092 1423 ’noces‘
1122 1365 1148 1423 ὅ
1168 1391 1249 1433 της
1267 1367 1418 1433 Ρὲας,
1459 1372 1486 1428 ὅ

123 1462 240 1509 ποεῖς
272 1449 294 1503 o‘
327 1455 409 1511 τῆς
439 1454 626 1511 Λητοῦς.
711 1451 839 1517 Ergo
860 1508 866 1519 ,
887 1460 1064 1498 tantum
1112 1453 1232 1515 prior
1270 1458 1485 1507 articulus

123 1533 307 1584 omiffus
343 1550 369 1580 a
402 1531 602 1581 Pindaro
638 1529 714 1578 est.
796 1531 894 1579 Sed
918 1543 971 1580 vt
995 1533 1211 1604 exernpla
1240 1535 1484 1585 inuenian-

118 1629 191 1665 tur
216 1614 388 1662 articuli
412 1629 525 1660 vere
546 1610 790 1676 poflpofiti‚
816 1607 849 1659 fi
872 1624 927 1659 ea
947 1629 1041 1659 non
1062 1611 1311 1663 Homerica
1334 1631 1485 1678 erunt,

122 1703 219 1746 zion
240 1712 315 1743 me
337 1695 541 1743 vincent.
618 1691 871 1761 Quomodo
897 1689 1032 1758 igitur
1055 1692 1210 1742 locum
1233 1696 1366 1746 illum
1386 1699 1488 1749 Ho-

124 1777 347 1825 mericum
391 1776 715 1837 exponemus?
829 1769 1141 1829 Obseruatum
1185 1776 1279 1824 iam
1322 1776 1384 1826 est
1427 1780 1488 1830 ab
1559 1768 1561 1770 ,

126 1857 370 1921 Apollonio
406 1849 788 1910 Alexandrinol,
814 1869 868 1900 11.
907 1855 988 1901 vbi
1025 1853 1253 1917 disputat.)
1298 1862 1489 1924 quando

128 1953 303 1985 nornen
333 1929 478 1985 ἄλλοι
506 1932 716 1980 adsciscat
748 1933 1014 1989 articulum‚
1072 1948 1118 1981 et
1154 1939 1343 1998 quando
1371 1956 1484 1999 non,

127 2018 233 2083 sed,
275 2028 328 2066 vt
353 2014 539 2063 videtur
567 2012 681 2075 mihi
712 2015 931 2078 quidem
975 2009 1305 2079 angustioribus
1334 2023 1487 2070 termi-

128 2101 200 2149 nis
237 2082 606 2161 circumstribens
643 2089 951 2142 neceffitatem
976 2095 1150 2142 articuli
1182 2095 1487 2167 adiungendi,

130 2175 454 2232 obseruatum
489 2174 710 2238 inquam
754 2176 813 2222 ab
848 2172 1092 2238 Apollonio
1127 2172 1213 2234 est,
1247 2178 1430 2231 solere
1417 2201 1488 2230 m-

127 2260 311 2311 terdum
338 2257 488 2304 etiam
496 2256 580 2304 vbi
601 2255 774 2303 articuli
797 2250 1000 2303 assumtio
1022 2255 1266 2306 necessaria
1285 2261 1353 2320 fit,
1382 2280 1492 2312 eum

132 2358 167 2390 2
186 2352 326 2409 poeta
349 2334 523 2393 omitti,
564 2348 620 2388 vt
646 2334 691 2383 in
727 2335 813 2384 hoc
836 2333 894 2384 Il.
922 2349 988 2398 15,
1018 2347 1098 2396 87.
1138 2336 1199 2390 Ἡ
1232 2329 1290 2393 δ’
1310 2338 1494 2398 ἄλλους

130 2421 212 2491 μὲν
246 2414 414 2475 &abach
459 2414 655 2485 Θέμιστι
696 2407 743 2469 δὲ
782 2406 1102 2492 καλλιπαρήῳ
1141 2419 1292 2474 Δὲκτο
1332 2416 1492 2477 δέπας.

130 2520 242 2550 narn
263 2515 430 2548 omnes
454 2498 565 2554 deos
590 2495 915 2564 intelligendos
937 2498 1044 2556 effe,
1090 2502 1170 2564 qui
1194 2516 1289 2550 tum
1315 2505 1362 2552 in
1386 2522 1492 2553 coe-

131 2582 312 2630 naculo
338 2582 483 2627 erant
499 2593 610 2630 vna.
704 2576 826 2628 Dico
859 2578 995 2645 igitur
1028 2580 1165 2628 etiam
1197 2584 1245 2630 in
1280 2583 1358 2632 isto
1390 2586 1494 2633 loco

136 2649 286 2715 deesse
320 2644 557 2733 articulum
588 2670 708 2727 ante
728 2651 921 2718 ἄλλων,
963 2672 1008 2708 et
1039 2676 1147 2708 eum
1178 2664 1260 2727 qui
1279 2662 1377 2728 post
1392 2659 1496 2716 ἐέλ-

133 2732 226 2795 λῶν
246 2729 470 2808 sequitur,
511 2726 741 2806 pertinere
766 2742 823 2789 ad
844 2742 988 2792 verba
1016 2742 1184 2806 quibus
1208 2746 1494 2812 praepofitus

1406 2824 1497 2876 est:
